<record><leader>00000cas a22000007a 4500</leader><controlfield tag="001">13647138</controlfield><controlfield tag="008">860527d18331838pauwr ne      0    0eng d</controlfield><datafield ind1=" " ind2=" " tag="010"><subfield code="a">sn 88079408 </subfield></datafield><datafield ind1=" " ind2=" " tag="040"><subfield code="a">NPH</subfield><subfield code="b">eng</subfield><subfield code="c">NPH</subfield><subfield code="d">DLC</subfield><subfield code="d">NPH</subfield><subfield code="d">OCLCQ</subfield></datafield><datafield ind1=" " ind2=" " tag="042"><subfield code="a">msc</subfield></datafield><datafield ind1="0" ind2="4" tag="245"><subfield code="a">The Delaware County republican and farmers', mechanics', and manufacturers' advocate.</subfield></datafield><datafield ind1="3" ind2="0" tag="246"><subfield code="a">Republican, and farmers', mechanics', and manufacturers' advocate</subfield></datafield><datafield ind1="1" ind2="7" tag="246"><subfield code="a">Delaware County republican,</subfield><subfield code="f">&lt;June 26, 1835-Feb. 19, 1836&gt;</subfield></datafield><datafield ind1=" " ind2=" " tag="260"><subfield code="a">Darby, Pa. :</subfield><subfield code="b">Y.S. Walter</subfield></datafield><datafield ind1=" " ind2=" " tag="300"><subfield code="a">v. :</subfield><subfield code="b">ill. (chiefly advertisements) ;</subfield><subfield code="c">51-57 cm.</subfield></datafield><datafield ind1=" " ind2=" " tag="310"><subfield code="a">Weekly</subfield></datafield><datafield ind1="1" ind2=" " tag="362"><subfield code="a">Began in Aug. 1833; ceased in 1838?</subfield></datafield><datafield ind1=" " ind2=" " tag="500"><subfield code="a">Published as: The Republican, and farmers', mechanics', and manufacturers' advocate, &lt;June 26, 1835-Feb. 19, 1836&gt;.</subfield></datafield><datafield ind1=" " ind2=" " tag="588"><subfield code="a">Description based on: Vol. 1, no. 10 (Nov. 1, 1833).</subfield></datafield><datafield ind1=" " ind2=" " tag="752"><subfield code="a">United States</subfield><subfield code="b">Pennsylvania</subfield><subfield code="c">Delaware</subfield><subfield code="d">Darby.</subfield></datafield></record>